@misc{Bhargava-vanderWaerden,
      title={Galois groups of random integer polynomials and van der Waerden's Conjecture}, 
      author={Manjul Bhargava},
      year={2021},
      eprint={2111.06507},
      archivePrefix={arXiv},
      primaryClass={math.NT}
}
